@article{tartanair2020iros,
  title =   {TartanAir: A Dataset to Push the Limits of Visual SLAM},
  author =  {Wang, Wenshan and Zhu, Delong and Wang, Xiangwei and Hu, Yaoyu and Qiu, Yuheng and Wang, Chen and Hu, Yafei and Kapoor, Ashish and Scherer, Sebastian},
  booktitle = {2020 IEEE/RSJ International Conference on Intelligent Robots and Systems (IROS)},
  year =    {2020}
}
@inproceedings{bloesch2015robust,
  title={Robust visual inertial odometry using a direct EKF-based approach},
  author={Bloesch, Michael and Omari, Sammy and Hutter, Marco and Siegwart, Roland},
  booktitle={2015 IEEE/RSJ international conference on intelligent robots and systems (IROS)},
  pages={298--304},
  year={2015},
  organization={IEEE}
}
@article{tartanvo2020corl,
  title =   {TartanVO: A Generalizable Learning-based VO},
  author =  {Wang, Wenshan and Hu, Yaoyu and Scherer, Sebastian},
  booktitle = {Conference on Robot Learning (CoRL)},
  year =    {2020}
}
@article{duan2023stereovo,
  title={StereoVO: Learning Stereo Visual Odometry Approach Based on Optical Flow and Depth Information},
  author={Duan, Chao and Junginger, Steffen and Thurow, Kerstin and Liu, Hui},
  journal={Applied Sciences},
  volume={13},
  number={10},
  pages={5842},
  year={2023},
  publisher={MDPI}
}
@article{beall2014stereo,
  title={Stereo Visual Odometry},
  author={Beall, Chris},
  journal={CVPR 2014 Visual SLAM Tutorial},
  year={2014}
}

@ARTICLE{orb,
  author={Mur-Artal, Raúl and Montiel, J. M. M. and Tardós, Juan D.},
  journal={IEEE Transactions on Robotics}, 
  title={ORB-SLAM: A Versatile and Accurate Monocular SLAM System}, 
  year={2015},
  volume={31},
  number={5},
  pages={1147-1163},
  doi={10.1109/TRO.2015.2463671}}

@INPROCEEDINGS{kitti,
  author = {Andreas Geiger and Philip Lenz and Raquel Urtasun},
  title = {Are we ready for Autonomous Driving? The KITTI Vision Benchmark Suite},
  booktitle = {Conference on Computer Vision and Pattern Recognition (CVPR)},
  year = {2012}
}
@article{euroc,
author = {Burri, Michael and Nikolic, Janosch and Gohl, Pascal and Schneider, Thomas and Rehder, Joern and Omari, Sammy and Achtelik, Markus W and Siegwart, Roland}, 
title = {The EuRoC micro aerial vehicle datasets},
year = {2016}, 
doi = {10.1177/0278364915620033}, 
URL = {http://ijr.sagepub.com/content/early/2016/01/21/0278364915620033.abstract}, 
eprint = {http://ijr.sagepub.com/content/early/2016/01/21/0278364915620033.full.pdf+html}, 
journal = {The International Journal of Robotics Research} 
}